<record><leader>00000cas a2200000 a 4500</leader><controlfield tag="001">23026349</controlfield><controlfield tag="008">910129d19902006arubr ne      0   a0eng d</controlfield><datafield ind1=" " ind2=" " tag="010"><subfield code="a">sn 92050152 </subfield></datafield><datafield ind1=" " ind2=" " tag="040"><subfield code="a">AKC</subfield><subfield code="b">eng</subfield><subfield code="c">AKC</subfield><subfield code="d">ANU</subfield><subfield code="d">NSD</subfield><subfield code="d">DLC</subfield><subfield code="d">OCLCQ</subfield><subfield code="d">OCLCF</subfield><subfield code="d">OCLCO</subfield></datafield><datafield ind1=" " ind2=" " tag="012"><subfield code="l">1</subfield></datafield><datafield ind1="0" ind2=" " tag="022"><subfield code="a">1084-2691</subfield><subfield code="l">1084-2691</subfield><subfield code="2">1</subfield></datafield><datafield ind1="1" ind2=" " tag="029"><subfield code="a">AU@</subfield><subfield code="b">000025897886</subfield></datafield><datafield ind1=" " ind2=" " tag="042"><subfield code="a">msc</subfield><subfield code="a">nsdp</subfield></datafield><datafield ind1=" " ind2="4" tag="050"><subfield code="a">F419.L7</subfield><subfield code="b">Q78</subfield></datafield><datafield ind1="1" ind2="0" tag="082"><subfield code="a">070</subfield><subfield code="2">12</subfield></datafield><datafield ind1="0" ind2=" " tag="130"><subfield code="a">Chronicle (Little Rock, Ark. : 1990)</subfield></datafield><datafield ind1="0" ind2=" " tag="210"><subfield code="a">Chronicle</subfield><subfield code="b">(Little Rock Ark. 1990)</subfield></datafield><datafield ind1=" " ind2="4" tag="222"><subfield code="a">The chronicle</subfield><subfield code="b">(Little Rock, Ark. 1990)</subfield></datafield><datafield ind1="0" ind2="4" tag="245"><subfield code="a">The chronicle.</subfield></datafield><datafield ind1=" " ind2=" " tag="260"><subfield code="a">Little Rock, Ark. :</subfield><subfield code="b">Quapaw Quarter Association</subfield></datafield><datafield ind1=" " ind2=" " tag="300"><subfield code="a">v. :</subfield><subfield code="b">ill., ports.</subfield></datafield><datafield ind1=" " ind2=" " tag="310"><subfield code="a">Bimonthly</subfield></datafield><datafield ind1="0" ind2=" " tag="362"><subfield code="a">Vol. 17, no. 5 (Oct.-Nov. 1990)-v. 32, no. 3 (Aug. 2006)</subfield></datafield><datafield ind1=" " ind2=" " tag="515"><subfield code="a">Publication suspended May 1999-July 2001.</subfield></datafield><datafield ind1=" " ind2=" " tag="550"><subfield code="a">Official bimonthly publication of the Quapaw Quarter Association.</subfield></datafield><datafield ind1=" " ind2="0" tag="650"><subfield code="a">Historic buildings</subfield><subfield code="x">Conservation and restoration</subfield><subfield code="z">Arkansas</subfield><subfield code="z">Little Rock</subfield><subfield code="z">Arkansas.</subfield></datafield><datafield ind1=" " ind2="4" tag="651"><subfield code="a">Little Rock (Ark.)</subfield><subfield code="v">Newspapers.</subfield></datafield><datafield ind1=" " ind2="7" tag="650"><subfield code="a">Historic buildings</subfield><subfield code="x">Conservation and restoration.</subfield><subfield code="2">fast</subfield><subfield code="0">(OCoLC)fst00957729</subfield></datafield><datafield ind1=" " ind2="7" tag="651"><subfield code="a">Arkansas</subfield><subfield code="z">Little Rock.</subfield><subfield code="2">fast</subfield><subfield code="0">(OCoLC)fst01206922</subfield></datafield><datafield ind1="2" ind2=" " tag="710"><subfield code="a">Quapaw Quarter Association.</subfield></datafield><datafield ind1=" " ind2=" " tag="752"><subfield code="a">United States</subfield><subfield code="b">Arkansas</subfield><subfield code="c">Pulaski</subfield><subfield code="d">Little Rock.</subfield></datafield><datafield ind1="0" ind2="0" tag="780"><subfield code="t">Quapaw Quarter chronicle</subfield><subfield code="w">(DLC)sn 92050153</subfield><subfield code="w">(OCoLC)6980056</subfield></datafield><datafield ind1=" " ind2=" " tag="936"><subfield code="a">Vol. 22, no. 3 (June-July 1995) LIC</subfield></datafield></record>